 @misc{data, title={The Attack on America and Civil Liberties Trade-Offs: A Three-Wave National Panel Survey, 2001-2004: Version 1}, publisher={ICPSR - Interuniversity Consortium for Political and Social Research}, author={Davis, Darren W. and Silver, Brian D.}, year={2017}, language={en} }

 @article{Davis_Silver_2004_1, title={Civil Liberties vs. Security: Public Opinion in the Context of the Terrorist Attacks on America}, volume={48}, ISSN={1540-5907}, number={1}, journal={American Journal of Political Science}, author={Davis, Darren W. and Silver, Brian D.}, year={2004}, pages={28–46}, language={en} }

 @book{Davis_2004_2, title={One Nation Indivisible? Dimensions of Racial Reactions to the Terrorist Attacks on America}, author={Davis, Darren and Silver, Brian}, year={2004}, month=apr }

 @book{Davis_Silver_2004_3, title={Americans’ Perceptions of the Causes of Terrorism: Why Do They Hate Us?}, author={Davis, Darren and Silver, Brian}, year={2004}, month=apr }

 @article{Davis_Silver_2004_4, title={“The threat of terrorism, presidential approval, and the 2004 election,” Paper presented at the Annual Meeting of the American Political Science Association (APSA), Chicago, August 2004.}, author={Davis, Darren and Silver, Brian}, year={2004}, month=sep }

 @article{Khoshgoftaar_2019, title={A survey on Image Data Augmentation for Deep Learning}, volume={6}, ISSN={2196-1115}, number={1}, journal={Journal of Big Data}, author={Shorten, Connor and Khoshgoftaar, Taghi M.}, year={2019}, month=jul, pages={60} }

 @article{SMOTE_Kegelmeyer_2002, title={SMOTE: Synthetic Minority Over-sampling Technique}, volume={16}, rights={Copyright (c)}, ISSN={1076-9757}, journal={Journal of Artificial Intelligence Research}, author={Chawla, N. V. and Bowyer, K. W. and Hall, L. O. and Kegelmeyer, W. P.}, year={2002}, month=jun, pages={321–357}, language={en} }

 @article{Meor_Yahaya_Teo_2023, title={Data augmentation using generative adversarial networks for images and biomarkers in medicine and neuroscience}, volume={9}, ISSN={2297-4687}, journal={Frontiers in Applied Mathematics and Statistics}, author={Meor Yahaya, Maizan Syamimi and Teo, Jason}, year={2023} }

 @article{Sandfort_Yan_2019, title={Data augmentation using generative adversarial networks (CycleGAN) to improve generalizability in CT segmentation tasks}, volume={9}, rights={2019 This is a U.S. government work and not under copyright protection in the U.S.; foreign copyright protection may apply}, ISSN={2045-2322}, number={11}, journal={Scientific Reports}, publisher={Nature Publishing Group}, author={Sandfort, Veit and Yan, Ke and Pickhardt, Perry J. and Summers, Ronald M.}, year={2019}, month=nov, pages={16884}, language={en} }

 @misc{SEYEDSAMAN_EMAMI, title={GAN-On Tabular Data}, url={https://kaggle.com/code/samanemami/gan-on-tabular-data}, author={Seyedsaman, Emami}, language={en} }

@inproceedings{sklearn_api,
  author    = {Lars Buitinck and Gilles Louppe and others},
  title     = {{API} design for machine learning software: experiences from the scikit-learn
               project},
  booktitle = {ECML PKDD Workshop: Languages for Data Mining and Machine Learning},
  year      = {2013},
  pages = {108--122},
}

@misc{tensorflow2015,
title={ {TensorFlow}: Large-Scale Machine Learning on Heterogeneous Systems},
url={https://www.tensorflow.org/},
note={Software available from tensorflow.org},
author={
    Mart\'{i}n~Abadi and
    Ashish~Agarwal and
    Paul~Barham and others},
  year={2015},
}

@article{imbalanceLearn,
author  = {Guillaume  Lema{{\^i}}tre and Fernando Nogueira and Christos K. Aridas},
title   = {Imbalanced-learn: A Python Toolbox to Tackle the Curse of Imbalanced Datasets in Machine Learning},
journal = {Journal of Machine Learning Research},
year    = {2017},
volume  = {18},
number  = {17},
pages   = {1-5}
}

@article{Wilson_1972, title={Asymptotic Properties of Nearest Neighbor Rules Using Edited Data}, volume={SMC-2}, ISSN={0018-9472, 2168-2909}, number={3}, journal={IEEE Transactions on Systems, Man, and Cybernetics}, author={Wilson, Dennis L.}, year={1972}, month=jul, pages={408–421} }

 @article{Elhassan_M_2016, title={Classification of Imbalance Data using Tomek Link(T-Link) Combined with Random Under-sampling (RUS) as a Data Reduction Method:}, volume={1}, journal={Journal of Informatics and Data Mining}, author={Elhassan, Tusneem and M, Aljurf}, year={2016}, month=jan }

 @inproceedings{Goodfellow_2014, title={Generative Adversarial Nets}, volume={27}, booktitle={Advances in Neural Information Processing Systems}, publisher={Curran Associates, Inc.}, author={Goodfellow, Ian and Pouget-Abadie, Jean and Mirza, Mehdi and Xu, Bing and Warde-Farley, David and Ozair, Sherjil and Courville, Aaron and Bengio, Yoshua}, year={2014} }

 @article{Rosenblatt_1958, address={US}, title={The perceptron: A probabilistic model for information storage and organization in the brain}, volume={65}, ISSN={1939-1471}, number={6}, journal={Psychological Review}, publisher={American Psychological Association}, author={Rosenblatt, F.}, year={1958}, pages={386–408} }

 @article{Cox_1958, title={The Regression Analysis of Binary Sequences}, volume={20}, ISSN={0035-9246}, number={2}, journal={Journal of the Royal Statistical Society. Series B (Methodological)}, publisher={[Royal Statistical Society, Wiley]}, author={Cox, D. R.}, year={1958}, pages={215–242} }

 @article{Belson_1959, title={Matching and Prediction on the Principle of Biological Classification}, volume={8}, ISSN={0035-9254}, number={2}, journal={Journal of the Royal Statistical Society. Series C (Applied Statistics)}, publisher={[Wiley, Royal Statistical Society]}, author={Belson, William A.}, year={1959}, pages={65–75} }

@inproceedings{Chen_2016,
 author = {Chen, Tianqi and Guestrin, Carlos},
 title = {{XGBoost}: A Scalable Tree Boosting System},
 booktitle = {Proceedings of the 22nd ACM SIGKDD International Conference on Knowledge Discovery and Data Mining},
 series = {KDD '16},
 year = {2016},
 isbn = {978-1-4503-4232-2},
 location = {San Francisco, California, USA},
 pages = {785--794},
 numpages = {10},
 acmid = {2939785},
 publisher = {ACM},
 address = {New York, NY, USA},
 keywords = {large-scale machine learning},
}

 @article{Morgan_Sonquist_1963, title={Problems in the Analysis of Survey Data, and a Proposal}, volume={58}, ISSN={0162-1459}, publisher={[American Statistical Association, Taylor & Francis, Ltd.]}, author={Morgan, James N. and Sonquist, John A.}, year={1963}, pages={415–434} }

 @inproceedings{Yoon_2020, title={VIME: Extending the Success of Self- and Semi-supervised Learning to Tabular Domain}, volume={33}, booktitle={Advances in Neural Information Processing Systems}, publisher={Curran Associates, Inc.}, author={Yoon, Jinsung and Zhang, Yao and Jordon, James and van der Schaar, Mihaela}, year={2020}, pages={11033–11043} }

 @inproceedings{Bahri_2021, title={Scarf: Self-Supervised Contrastive Learning using Random Feature Corruption}, author={Bahri, Dara and Jiang, Heinrich and Tay, Yi and Metzler, Donald}, year={2021}, month=oct, language={en} }

 @inproceedings{Ucar_2021, title={SubTab: Subsetting Features of Tabular Data for Self-Supervised Representation Learning}, author={Ucar, Talip and Hajiramezanali, Ehsan and Edwards, Lindsay}, year={2021}, month=nov, language={en} }

 @inproceedings{Wang_Sun_2022, title={TransTab: Learning Transferable Tabular Transformers Across Tables}, author={Wang, Zifeng and Sun, Jimeng}, year={2022}, month=may, language={en} }

 @article{Chen_Yan_Chen_Wu_2023, title={ExcelFormer: A Neural Network Surpassing GBDTs on Tabular Data}, number={arXiv:2301.02819}, publisher={arXiv}, author={Chen, Jintai and Yan, Jiahuan and Chen, Danny Ziyi and Wu, Jian}, year={2023}, month=jan }


